@article{Cole1999HeartRate,
  title="{Heart-Rate Recovery Immediately after Exercise as a Predictor of Mortality}",
  author={Cole, Christopher R. and Blackstone, Eugene H. and Pashkow, Fredric J. and Snader, Claire E.},
  journal={The New England Journal of Medicine},
  volume={341},
  pages={1351--1357},
  year={1999},
  doi={10.1056/NEJM199910283411804}
}

@article{HRR2000,
    author = {Nishime, Erna Obenza and Cole, Christopher R. and Blackstone, Eugene H. and Pashkow, Fredric J. and Lauer, Michael S.},
    title = "{Heart Rate Recovery and Treadmill Exercise Score as Predictors of Mortality in Patients Referred for Exercise ECG}",
    journal = {JAMA},
    volume = {284},
    number = {11},
    pages = {1392-1398},
    year = {2000},
    month = {09},
    issn = {0098-7484},
    doi = {10.1001/jama.284.11.1392},
    url = {https://doi.org/10.1001/jama.284.11.1392},
    eprint = {https://jamanetwork.com/journals/jama/articlepdf/193090/joc00680.pdf},
}

@article{NesHRmax,
author = {Nes, B. M. and Janszky, I. and Wisløff, U. and Støylen, A. and Karlsen, T.},
title = {Age-predicted maximal heart rate in healthy subjects: The HUNT Fitness Study},
journal = {Scandinavian Journal of Medicine \& Science in Sports},
volume = {23},
number = {6},
pages = {697-704},
keywords = {maximum heart rate, HUNT, population sample, clinical testing},
doi = {https://doi.org/10.1111/j.1600-0838.2012.01445.x},
url = {https://onlinelibrary.wiley.com/doi/abs/10.1111/j.1600-0838.2012.01445.x},
eprint = {https://onlinelibrary.wiley.com/doi/pdf/10.1111/j.1600-0838.2012.01445.x},
year = {2013}
}

@article{TANAKAHRmax,
title = {Age-predicted maximal heart rate revisited},
journal = {Journal of the American College of Cardiology},
volume = {37},
number = {1},
pages = {153-156},
year = {2001},
issn = {0735-1097},
doi = {https://doi.org/10.1016/S0735-1097(00)01054-8},
url = {https://www.sciencedirect.com/science/article/pii/S0735109700010548},
author = {Hirofumi Tanaka and Kevin D Monahan and Douglas R Seals},
}

@article{GulatiHRmax,
author = {Martha Gulati  and Leslee J. Shaw  and Ronald A. Thisted  and Henry R. Black  and C. Noel Bairey Merz  and Morton F. Arnsdorf },
title = {Heart Rate Response to Exercise Stress Testing in Asymptomatic Women},
journal = {Circulation},
volume = {122},
number = {2},
pages = {130-137},
year = {2010},
doi = {10.1161/CIRCULATIONAHA.110.939249},
URL = {https://www.ahajournals.org/doi/abs/10.1161/CIRCULATIONAHA.110.939249},
eprint = {https://www.ahajournals.org/doi/pdf/10.1161/CIRCULATIONAHA.110.939249}
}

@article{foxHRmax,
  title={Physical activity and the prevention of coronary heart disease},
  author={Fox III, SM},
  journal={Ann Clin Res},
  volume={3},
  pages={404--432},
  year={1971}
}

@article{RamezaniDevelopingWatch,
  title={Developing a Smartwatch-Based Healthcare Application: Notes to Consider},
  author={Ramin Ramezani and Minh Cao and Arjun Earthperson and Arash Naeim},
  journal={Sensors (Basel, Switzerland)},
  year={2023},
  volume={23},
  url={https://api.semanticscholar.org/CorpusID:260216165}
}

@website{MarketShare2023, 
    title={Global Wearables Market Share 2014-2022}, 
    url={https://www.statista.com/statistics/515640/quarterly-wearables-shipments-worldwide-market-share-by-vendor/}, 
    journal={Statista}, 
    author={Laricchia, Federica}, 
    year={2023}, 
    month={Feb}
} 

@website{Fitbit2024, title={Fitbit revenue and Usage Statistics (2024)}, url={https://www.businessofapps.com/data/fitbit-statistics/}, journal={Business of Apps}, author={Curry, David}, year={2024}, month={Jan}} 

@misc{FitbitReview, title={Recovery heart rate? - fitbit community}, url={https://community.fitbit.com/t5/Get-Moving/Recovery-heart-rate/m-p/5425796/highlight/true#M67358}, journal={Fitbit Community}, author={Saccamenco, Bob}, year={2023}, month={Jul}} 

@website{MarketShare2024, title={Quarterly smartwatch unit shipment share worldwide from 2018 to 2023, by vendor}, url={https://www.statista.com/statistics/910862/worldwide-smartwatch-shipment-market-share/}, journal={Statista}, author={Laricchia, Federica}, year={2024}, month={Feb}} 

@misc{Shewale_2023, title={Insightful smartwatch statistics for 2024}, url={https://www.demandsage.com/smartwatch-statistics/#:~:text=3%20in%2010%20working-age%20internet%20users%20own%20a,use%20smartwatches%20to%20maintain%20their%20health%20and%20fitness.}, journal={DemandSage}, author={Shewale, Rohit}, year={2023}, month={Dec}} 

@website{AppleHRR, title={What is Apple Watch Heart Rate Recovery? Here’s why it’s important and how to use it}, url={https://9to5mac.com/2022/04/05/apple-watch-heart-rate-recovery/}, journal={9to5Mac}, author={Potuck, Michael}, year={2022}, month={Apr}} 

@website{PageIndicators, title={4 Reasons Why Page Progress Indicator Implementation Is Vital For You}, url={https://elearningindustry.com/page-progress-indicator-implementation-4-reasons-vital#:~:text=4%20Reasons%20To%20Use%20A%20Page%20Progress%20Indicator,4%204.%20Make%20Your%20Content%20More%20Digestible%20}, journal={eLearning Industry}, author={Penfold, Steve}, year={2017}, month={Sep}} 

@inproceedings{8025953,
  author={Muangsrinoon, Sakchai and Boonbrahm, Poonpong},
  booktitle={2017 14th International Joint Conference on Computer Science and Software Engineering (JCSSE)}, 
  title={Burn in Zone: Real time Heart Rate monitoring for physical activity}, 
  year={2017},
  volume={},
  number={},
  pages={1-6},
  keywords={Monitoring;Real-time systems;Androids;Humanoid robots;Heart beat;Biomedical monitoring;Physical Activity Intensity;Heart Rate;Training Heart Rate;Maximum Heart Rate;Heart Rate Monitoring},
  doi={10.1109/JCSSE.2017.8025953}
}

@website{TicDesign, title={Design Doc}, url={http://ticdesign.chumenwenwen.com/en/design/}, journal={TicDesign}, author={{Mobvoi}}, year={N/A}} 


@website{Korly_2019, title={Kotlin vs Java: Performance drill down & which to choose}, url={https://medium.com/@johnkorly/kotlin-vs-java-performance-drill-down-which-to-choose-2514bdf91916}, journal={Medium}, author={Korly, John}, year={2019}, month={Feb}} 

@misc{Breslav_2016, title={Kotlin 1.0 released: Pragmatic language for the JVM and Android: The kotlin blog}, url={https://blog.jetbrains.com/kotlin/2016/02/kotlin-1-0-released-pragmatic-language-for-jvm-and-android/}, journal={The JetBrains Blog}, author={Breslav, Andrey}, year={2016}, month={Feb}} 

@misc{Haase_2019, title={Google I/O 2019: Empowering developers to build the best experiences on android + play}, url={https://android-developers.googleblog.com/2019/05/google-io-2019-empowering-developers-to-build-experiences-on-Android-Play.html}, journal={Android Developers Blog}, author={Haase, Chet}, year={2019}} 

@misc{Muntenescu_2020, title={Fewer crashes and more stability with Kotlin}, url={https://medium.com/androiddevelopers/fewer-crashes-and-more-stability-with-kotlin-b606c6a6ac04}, journal={Medium}, publisher={Android Developers}, author={Muntenescu, Florina}, year={2020}, month={Oct}} 

@misc{Lomidze_2023, title={XML vs Jetpack compose: Advantages and disadvantages}, url={https://medium.com/@gaga.lomidze/xml-vs-jetpack-compose-advantages-and-disadvantages-538ceee28dbd}, journal={Medium}, publisher={Medium}, author={Lomidze, Gaga}, year={2023}, month={Oct}} 

@misc{Ferrell_2022, title={7 advantages of SQLite - SQL DOCS}, url={https://sqldocs.org/sqlite/sqlite-advantages/#:~:text=What%20are%20the%20advantages%20of%20SQLite%3F%201%201.,Support%20...%207%207.%20Storing%20Configuration%20Data%20}, journal={SQL Docs}, author={Ferrell, Ray}, year={2022}, month={Dec}} 

@misc{Banes_2020, title={Jetpack compose - before and after}, url={https://medium.com/androiddevelopers/jetpack-compose-before-and-after-8b43ba0b7d4f}, journal={Medium}, publisher={Android Developers}, author={Banes, Chris}, year={2020}, month={Dec}} 

@misc{Rawat_2019, title={Using room database: Android jetpack}, url={https://medium.com/mindorks/using-room-database-android-jetpack-675a89a0e942}, journal={Medium}, publisher={MindOrks}, author={Rawat, Ashish}, year={2019}, month={Feb}} 

@misc{Trainerize_2024, title={Calculating TDEE/BMR for transgender or non-binary ...}, url={https://help.trainerize.com/hc/en-us/articles/16950447732372-Calculating-TDEE-BMR-for-Transgender-or-Non-Binary-Individuals}, journal={Trainerize}, author={Trainerize}, year={2024}, month={Jan}} 

@misc{Dale_Griffin_2023, title={Heart Rate Based Calorie Burn Calculator}, url={https://fitnessvolt.com/heart-rate-calorie-burn/}, journal={Fitness Volt}, author={Dale, Patrick and Griffin, Steven}, year={2023}, month={Aug}} 

@misc{Brush_2023, title={What is the MoSCoW method?}, url={https://www.techtarget.com/searchsoftwarequality/definition/MoSCoW-method}, journal={TechTarget}, publisher={Software Quality}, author={Brush, Kate}, year={2023}, month={Mar}} 

@misc{Tableau_2024, title={What are the advantages and disadvantages of data visualization?}, url={https://www.tableau.com/data-insights/data-visualization/advantages-disadvantages}, journal={Tableau}, author={Tableau}, year={2024}} 